<record><leader>00000cas a22000007a 4500</leader><controlfield tag="001">14578857</controlfield><controlfield tag="008">861030d18581864lauwr ne      0   a0eng d</controlfield><datafield ind1=" " ind2=" " tag="010"><subfield code="a">sn 86053832 </subfield></datafield><datafield ind1=" " ind2=" " tag="040"><subfield code="a">NPX</subfield><subfield code="b">eng</subfield><subfield code="c">NPX</subfield><subfield code="d">LNP</subfield><subfield code="d">CNW</subfield><subfield code="d">OCL</subfield><subfield code="d">LNP</subfield><subfield code="d">DLC</subfield><subfield code="d">OCLCF</subfield><subfield code="d">DLC</subfield><subfield code="d">OCLCQ</subfield></datafield><datafield ind1=" " ind2=" " tag="012"><subfield code="l">a</subfield></datafield><datafield ind1="0" ind2=" " tag="022"><subfield code="a">2166-7713</subfield><subfield code="2">1</subfield></datafield><datafield ind1="0" ind2=" " tag="041"><subfield code="a">eng</subfield><subfield code="a">fre</subfield></datafield><datafield ind1=" " ind2=" " tag="042"><subfield code="a">msc</subfield><subfield code="a">nsdp</subfield></datafield><datafield ind1=" " ind2=" " tag="043"><subfield code="a">n-us-la</subfield></datafield><datafield ind1="0" ind2="0" tag="050"><subfield code="a">Newspaper</subfield></datafield><datafield ind1="0" ind2="0" tag="082"><subfield code="a">071</subfield><subfield code="2">23</subfield></datafield><datafield ind1=" " ind2="0" tag="222"><subfield code="a">Gazette and sentinel</subfield></datafield><datafield ind1="0" ind2="0" tag="245"><subfield code="a">Gazette and sentinel.</subfield></datafield><datafield ind1="1" ind2="0" tag="246"><subfield code="a">Semi-weekly gazette and sentinel</subfield></datafield><datafield ind1="1" ind2="3" tag="246"><subfield code="a">Gazette &amp; sentinel</subfield></datafield><datafield ind1=" " ind2=" " tag="260"><subfield code="a">Plaquemine, Parish of Iberville, La. :</subfield><subfield code="b">Bradburn &amp; Balch,</subfield><subfield code="c">1858-</subfield></datafield><datafield ind1=" " ind2=" " tag="300"><subfield code="a">volumes</subfield></datafield><datafield ind1=" " ind2=" " tag="310"><subfield code="a">Weekly,</subfield><subfield code="b">June 15, 1861-&lt;1863&gt;</subfield></datafield><datafield ind1=" " ind2=" " tag="321"><subfield code="a">Weekly,</subfield><subfield code="b">1858-May 11, 1861</subfield></datafield><datafield ind1=" " ind2=" " tag="321"><subfield code="a">Semiweekly,</subfield><subfield code="b">May 15-June 8, 1861</subfield></datafield><datafield ind1=" " ind2=" " tag="336"><subfield code="a">text</subfield><subfield code="b">txt</subfield><subfield code="2">rdacontent</subfield></datafield><datafield ind1=" " ind2=" " tag="337"><subfield code="a">unmediated</subfield><subfield code="b">n</subfield><subfield code="2">rdamedia</subfield></datafield><datafield ind1=" " ind2=" " tag="338"><subfield code="a">volume</subfield><subfield code="b">nc</subfield><subfield code="2">rdacarrier</subfield></datafield><datafield ind1="0" ind2=" " tag="362"><subfield code="a">Vol. 1, no. 1 (Feb. 27, 1858)-</subfield></datafield><datafield ind1="1" ind2=" " tag="362"><subfield code="a">Ceased in 1864?</subfield></datafield><datafield ind1=" " ind2=" " tag="500"><subfield code="a">Title varies: Semi-weekly gazette and sentinel, May 15-June 8, 1861.</subfield></datafield><datafield ind1=" " ind2=" " tag="500"><subfield code="a">Issue for &lt;May 2, 1863&gt; printed on wallpaper.</subfield></datafield><datafield ind1=" " ind2=" " tag="500"><subfield code="a">Editors and proprietors: William P. Bradburn and Joseph H. Balch, 1858-Aug. 28, 1859; publishers and proprietors, W.P. Bradburn and P.E. Jennings, June 4, 1859-July 28, 1860; publisher and proprietor, W.P. Bradburn, Aug. 4, 1860-</subfield></datafield><datafield ind1=" " ind2=" " tag="530"><subfield code="a">Archived issues are available in digital format as part of the Library of Congress Chronicling America online collection.</subfield></datafield><datafield ind1=" " ind2=" " tag="546"><subfield code="a">In English; some notices in French.</subfield></datafield><datafield ind1=" " ind2=" " tag="580"><subfield code="a">Formed by the union of: Iberville gazette, and: Southern sentinel (Plaquemine, La.).</subfield></datafield><datafield ind1=" " ind2="0" tag="651"><subfield code="a">Plaquemine (La.)</subfield><subfield code="v">Newspapers.</subfield></datafield><datafield ind1=" " ind2="0" tag="651"><subfield code="a">Iberville Parish (La.)</subfield><subfield code="v">Newspapers.</subfield></datafield><datafield ind1=" " ind2="7" tag="651"><subfield code="a">Louisiana</subfield><subfield code="z">Iberville Parish.</subfield><subfield code="2">fast</subfield><subfield code="0">(OCoLC)fst01216222</subfield></datafield><datafield ind1=" " ind2="7" tag="651"><subfield code="a">Louisiana</subfield><subfield code="z">Plaquemine.</subfield><subfield code="2">fast</subfield><subfield code="0">(OCoLC)fst01219282</subfield></datafield><datafield ind1=" " ind2="7" tag="655"><subfield code="a">Newspapers.</subfield><subfield code="2">fast</subfield><subfield code="0">(OCoLC)fst01423814</subfield></datafield><datafield ind1=" " ind2=" " tag="752"><subfield code="a">United States</subfield><subfield code="b">Louisiana</subfield><subfield code="c">Iberville</subfield><subfield code="d">Plaquemine.</subfield></datafield><datafield ind1="1" ind2="4" tag="780"><subfield code="t">Iberville gazette</subfield><subfield code="w">(DLC)sn 83016703</subfield><subfield code="w">(OCoLC)9992350</subfield></datafield><datafield ind1="1" ind2="4" tag="780"><subfield code="t">Southern sentinel (Plaquemine, La.)</subfield><subfield code="x">2377-9268</subfield><subfield code="w">(DLC)sn 88064476</subfield><subfield code="w">(OCoLC)18114523</subfield></datafield><datafield ind1="4" ind2="1" tag="856"><subfield code="u">http://www.loc.gov/chroniclingamerica/lccn/sn86053832/issues</subfield></datafield></record>